<?xml version="1.0" encoding="utf-8"?>
<root>
    <template name="中文书目库模板" comment="UNIMARC数据样例">
        <unimarc:record xmlns:unimarc="http://dp2003.com/UNIMARC">
            <unimarc:leader>01366nam0 2200313   450 </unimarc:leader>
            <unimarc:controlfield tag="001">???????????</unimarc:controlfield>
            <unimarc:datafield tag="010" ind1=" " ind2=" ">
                <unimarc:subfield code="a">7-80039-990-7</unimarc:subfield>
                <unimarc:subfield code="d">￥58.00</unimarc:subfield>
            </unimarc:datafield>
            <unimarc:datafield tag="092" ind1=" " ind2=" ">
                <unimarc:subfield code="b">01-386</unimarc:subfield>
            </unimarc:datafield>
            <unimarc:datafield tag="100" ind1=" " ind2=" ">
                <unimarc:subfield code="a">19970812d1995    ekmy0chiy0120    ea</unimarc:subfield>
            </unimarc:datafield>
            <unimarc:datafield tag="101" ind1="0" ind2=" ">
                <unimarc:subfield code="a">chi</unimarc:subfield>
            </unimarc:datafield>
            <unimarc:datafield tag="102" ind1=" " ind2=" ">
                <unimarc:subfield code="a">CN</unimarc:subfield>
                <unimarc:subfield code="b">110000</unimarc:subfield>
            </unimarc:datafield>
            <unimarc:datafield tag="105" ind1=" " ind2=" ">
                <unimarc:subfield code="a">y   z   000yy</unimarc:subfield>
            </unimarc:datafield>
            <unimarc:datafield tag="106" ind1=" " ind2=" ">
                <unimarc:subfield code="a">r1111111</unimarc:subfield>
            </unimarc:datafield>
            <unimarc:datafield tag="200" ind1="1" ind2=" ">
                <unimarc:subfield code="a">中国机读目录格式使用手册111</unimarc:subfield>
                <unimarc:subfield code="9">Zhong Guo Ji Du Mu Lu Ge Shi Shi Yong Shou Ce</unimarc:subfield>
                <unimarc:subfield code="f">北京图书馆《中国机读目录格式使用手册》编委会</unimarc:subfield>
            </unimarc:datafield>
            <unimarc:datafield tag="210" ind1=" " ind2=" ">
                <unimarc:subfield code="a">北京</unimarc:subfield>
                <unimarc:subfield code="c">华艺出版社</unimarc:subfield>
                <unimarc:subfield code="d">1995.</unimarc:subfield>
            </unimarc:datafield>
            <unimarc:datafield tag="215" ind1=" " ind2=" ">
                <unimarc:subfield code="a">530页</unimarc:subfield>
                <unimarc:subfield code="c">图</unimarc:subfield>
                <unimarc:subfield code="d">26cm</unimarc:subfield>
            </unimarc:datafield>
            <unimarc:datafield tag="606" ind1=" " ind2=" ">
                <unimarc:subfield code="a">机读-目录格式</unimarc:subfield>
            </unimarc:datafield>
            <unimarc:datafield tag="606" ind1=" " ind2=" ">
                <unimarc:subfield code="a">目录格式-机读</unimarc:subfield>
            </unimarc:datafield>
            <unimarc:datafield tag="690" ind1=" " ind2=" ">
                <unimarc:subfield code="a">G25</unimarc:subfield>
                <unimarc:subfield code="v">3</unimarc:subfield>
            </unimarc:datafield>
            <unimarc:datafield tag="711" ind1=" " ind2="0">
                <unimarc:subfield code="a">北京图书馆《中国机读目录格式使用手册》编委会</unimarc:subfield>
                <unimarc:subfield code="9">Bei Jing Tu Shu Guan《 Zhong Guo Ji Du Mu Lu Ge Shi Shi Yong Shou Ce》 Bian Wei会</unimarc:subfield>
            </unimarc:datafield>
            <unimarc:datafield tag="801" ind1=" " ind2="0">
                <unimarc:subfield code="a">CN</unimarc:subfield>
                <unimarc:subfield code="b">DTS</unimarc:subfield>
                <unimarc:subfield code="c">19970812</unimarc:subfield>
            </unimarc:datafield>
            <unimarc:datafield tag="905" ind1=" " ind2=" ">
                <unimarc:subfield code="b">D123456-60</unimarc:subfield>
                <unimarc:subfield code="b">D123480</unimarc:subfield>
                <unimarc:subfield code="d">G253.866.9</unimarc:subfield>
                <unimarc:subfield code="e">123:1(2)</unimarc:subfield>
                <unimarc:subfield code="f">6</unimarc:subfield>
            </unimarc:datafield>
        </unimarc:record>