
    </template>
    <template name="中文书目库说明模板" comment="子字段含数据加工说明">
        <record xmlns="http://dp2003.com/UNIMARC" xmlns:xsi="http://www.w3.org/2001/XMLSchema-instance" xsi:schemaLocation="http://dp2003.com/UNIMARC UNIMARC.xsd">
            <unimarc:leader xmlns:unimarc="http://dp2003.com/UNIMARC">定长模板辅助输入（鼠标右键菜单功能）******</unimarc:leader>
            <unimarc:controlfield tag="001" xmlns:unimarc="http://dp2003.com/UNIMARC">???????????</unimarc:controlfield>
            <unimarc:datafield tag="010" ind1=" " ind2=" " xmlns:unimarc="http://dp2003.com/UNIMARC">
                <unimarc:subfield code="a">国际标准书号</unimarc:subfield>
                <unimarc:subfield code="d">获得方式（如价格信息）</unimarc:subfield>
            </unimarc:datafield>
            <unimarc:datafield tag="100" ind1=" " ind2=" " xmlns:unimarc="http://dp2003.com/UNIMARC">
                <unimarc:subfield code="a">定长模板辅助输入</unimarc:subfield>
            </unimarc:datafield>
            <unimarc:datafield tag="101" ind1="0" ind2=" " xmlns:unimarc="http://dp2003.com/UNIMARC">
                <unimarc:subfield code="a">定长模板辅助输入</unimarc:subfield>
            </unimarc:datafield>
            <unimarc:datafield tag="102" ind1=" " ind2=" " xmlns:unimarc="http://dp2003.com/UNIMARC">
                <unimarc:subfield code="a">国别代码，定长模板辅助输入</unimarc:subfield>
                <unimarc:subfield code="b">出版地区代码，定长模板辅助输入（暂提供国际地区代码，可考虑将中国行政区划代码一起提供）</unimarc:subfield>
            </unimarc:datafield>
            <unimarc:datafield tag="105" ind1=" " ind2=" " xmlns:unimarc="http://dp2003.com/UNIMARC">
                <unimarc:subfield code="a">定长模板辅助输入</unimarc:subfield>
            </unimarc:datafield>
            <unimarc:datafield tag="106" ind1=" " ind2=" " xmlns:unimarc="http://dp2003.com/UNIMARC">
                <unimarc:subfield code="a">定长模板辅助输入</unimarc:subfield>
            </unimarc:datafield>
            <unimarc:datafield tag="200" ind1="1" ind2=" " xmlns:unimarc="http://dp2003.com/UNIMARC">
                <unimarc:subfield code="a">书名</unimarc:subfield>
                <unimarc:subfield code="9">书名拼音</unimarc:subfield>
                <unimarc:subfield code="f">主要责任说明</unimarc:subfield>
                <unimarc:subfield code="g">次要责任说明</unimarc:subfield>
            </unimarc:datafield>
            <unimarc:datafield tag="205" ind1=" " ind2=" " xmlns:unimarc="http://dp2003.com/UNIMARC">
                <unimarc:subfield code="a">版本说明</unimarc:subfield>
                <unimarc:subfield code="b">附加版本说明</unimarc:subfield>
            </unimarc:datafield>
            <unimarc:datafield tag="210" ind1=" " ind2=" " xmlns:unimarc="http://dp2003.com/UNIMARC">
                <unimarc:subfield code="a">出版发行地</unimarc:subfield>
                <unimarc:subfield code="c">出版发行者名称</unimarc:subfield>
                <unimarc:subfield code="d">出版发行日期</unimarc:subfield>
            </unimarc:datafield>
            <unimarc:datafield tag="215" ind1=" " ind2=" " xmlns:unimarc="http://dp2003.com/UNIMARC">
                <unimarc:subfield code="a">特定文献类型标识和文献数量</unimarc:subfield>
                <unimarc:subfield code="c">其它形态细节</unimarc:subfield>
                <unimarc:subfield code="d">尺寸</unimarc:subfield>
                <unimarc:subfield code="e">附件</unimarc:subfield>
            </unimarc:datafield>
            <unimarc:datafield tag="225" ind1="2" ind2=" " xmlns:unimarc="http://dp2003.com/UNIMARC">
                <unimarc:subfield code="a">丛编正题名</unimarc:subfield>
                <unimarc:subfield code="f">丛编责任说明</unimarc:subfield>
            </unimarc:datafield>
            <unimarc:datafield tag="300" ind1=" " ind2=" " xmlns:unimarc="http://dp2003.com/UNIMARC">
                <unimarc:subfield code="a">一般性附注</unimarc:subfield>
            </unimarc:datafield>
            <unimarc:datafield tag="330" ind1=" " ind2=" " xmlns:unimarc="http://dp2003.com/UNIMARC">
                <unimarc:subfield code="a">提要、文摘</unimarc:subfield>
            </unimarc:datafield>
            <unimarc:datafield tag="606" ind1="1" ind2=" " xmlns:unimarc="http://dp2003.com/UNIMARC">
                <unimarc:subfield code="a">款目要素</unimarc:subfield>
                <unimarc:subfield code="x">学科主题复分</unimarc:subfield>
                <unimarc:subfield code="y">地区复分</unimarc:subfield>
                <unimarc:subfield code="z">年代复分</unimarc:subfield>
            </unimarc:datafield>
            <unimarc:datafield tag="610" ind1="1" ind2=" " xmlns:unimarc="http://dp2003.com/UNIMARC">
                <unimarc:subfield code="a">自由词</unimarc:subfield>
            </unimarc:datafield>
            <unimarc:datafield tag="690" ind1=" " ind2=" " xmlns:unimarc="http://dp2003.com/UNIMARC">
                <unimarc:subfield code="a">中图法分类号</unimarc:subfield>
                <unimarc:subfield code="v">分类法版次</unimarc:subfield>
            </unimarc:datafield>
            <unimarc:datafield tag="701" ind1="0" ind2=" " xmlns:unimarc="http://dp2003.com/UNIMARC">
                <unimarc:subfield code="a">责任者</unimarc:subfield>
                <unimarc:subfield code="9">责任者姓名拼音</unimarc:subfield>
                <unimarc:subfield code="4">责任方式</unimarc:subfield>
            </unimarc:datafield>
            <unimarc:datafield tag="801" ind1="0" ind2=" " xmlns:unimarc="http://dp2003.com/UNIMARC">
                <unimarc:subfield code="a">国家代码</unimarc:subfield>
                <unimarc:subfield code="b">机构名称</unimarc:subfield>
                <unimarc:subfield code="c">记录处理日期</unimarc:subfield>
            </unimarc:datafield>
            <unimarc:datafield tag="905" ind1=" " ind2=" " xmlns:unimarc="http://dp2003.com/UNIMARC">
                <unimarc:subfield code="a">单位代码</unimarc:subfield>
                <unimarc:subfield code="b">财产登录号</unimarc:subfield>
                <unimarc:subfield code="d">索取类号</unimarc:subfield>
                <unimarc:subfield code="e">书次号</unimarc:subfield>
            </unimarc:datafield>
        </record>