
    </template>
    <template name="中文书目库常用字段空白工作单" comment="已添加某些出现概率高的字段内容，其它字段内容为空">
        <record xmlns="http://dp2003.com/UNIMARC" xmlns:xsi="http://www.w3.org/2001/XMLSchema-instance" xsi:schemaLocation="http://dp2003.com/UNIMARC UNIMARC.xsd">
            <unimarc:leader xmlns:unimarc="http://dp2003.com/UNIMARC">nam__22?????_i_45__     </unimarc:leader>
            <unimarc:controlfield tag="001" xmlns:unimarc="http://dp2003.com/UNIMARC">???????????</unimarc:controlfield>
            <unimarc:datafield tag="010" ind1=" " ind2=" " xmlns:unimarc="http://dp2003.com/UNIMARC">
                <unimarc:subfield code="a">
                </unimarc:subfield>
                <unimarc:subfield code="d">￥</unimarc:subfield>
            </unimarc:datafield>
            <unimarc:datafield tag="100" ind1=" " ind2=" " xmlns:unimarc="http://dp2003.com/UNIMARC">
                <unimarc:subfield code="a">20060131j2005    akmy0chia1050    ea</unimarc:subfield>
            </unimarc:datafield>
            <unimarc:datafield tag="101" ind1="0" ind2=" " xmlns:unimarc="http://dp2003.com/UNIMARC">
                <unimarc:subfield code="a">chi</unimarc:subfield>
            </unimarc:datafield>
            <unimarc:datafield tag="102" ind1=" " ind2=" " xmlns:unimarc="http://dp2003.com/UNIMARC">
                <unimarc:subfield code="a">CN</unimarc:subfield>
                <unimarc:subfield code="b">
                </unimarc:subfield>
            </unimarc:datafield>
            <unimarc:datafield tag="105" ind1=" " ind2=" " xmlns:unimarc="http://dp2003.com/UNIMARC">
                <unimarc:subfield code="a">y___z___00 yy</unimarc:subfield>
            </unimarc:datafield>
            <unimarc:datafield tag="106" ind1=" " ind2=" " xmlns:unimarc="http://dp2003.com/UNIMARC">
                <unimarc:subfield code="a">r</unimarc:subfield>
            </unimarc:datafield>
            <unimarc:datafield tag="200" ind1="1" ind2=" " xmlns:unimarc="http://dp2003.com/UNIMARC">
                <unimarc:subfield code="a">
                </unimarc:subfield>
                <unimarc:subfield code="9">
                </unimarc:subfield>
                <unimarc:subfield code="f">
                </unimarc:subfield>
                <unimarc:subfield code="g">
                </unimarc:subfield>
            </unimarc:datafield>
            <unimarc:datafield tag="205" ind1=" " ind2=" " xmlns:unimarc="http://dp2003.com/UNIMARC">
                <unimarc:subfield code="a">
                </unimarc:subfield>
                <unimarc:subfield code="b">
                </unimarc:subfield>
            </unimarc:datafield>
            <unimarc:datafield tag="210" ind1=" " ind2=" " xmlns:unimarc="http://dp2003.com/UNIMARC">
                <unimarc:subfield code="a">CN</unimarc:subfield>
                <unimarc:subfield code="c">
                </unimarc:subfield>
                <unimarc:subfield code="d">
                </unimarc:subfield>
            </unimarc:datafield>
            <unimarc:datafield tag="215" ind1=" " ind2=" " xmlns:unimarc="http://dp2003.com/UNIMARC">
                <unimarc:subfield code="a">页</unimarc:subfield>
                <unimarc:subfield code="c">图</unimarc:subfield>
                <unimarc:subfield code="d">cm</unimarc:subfield>
            </unimarc:datafield>
            <unimarc:datafield tag="225" ind1="2" ind2=" " xmlns:unimarc="http://dp2003.com/UNIMARC">
                <unimarc:subfield code="a">
                </unimarc:subfield>
                <unimarc:subfield code="f">
                </unimarc:subfield>
            </unimarc:datafield>
            <unimarc:datafield tag="300" ind1=" " ind2=" " xmlns:unimarc="http://dp2003.com/UNIMARC">
                <unimarc:subfield code="a">
                </unimarc:subfield>
            </unimarc:datafield>
            <unimarc:datafield tag="330" ind1=" " ind2=" " xmlns:unimarc="http://dp2003.com/UNIMARC">
                <unimarc:subfield code="a">
                </unimarc:subfield>
            </unimarc:datafield>
            <unimarc:datafield tag="606" ind1="1" ind2=" " xmlns:unimarc="http://dp2003.com/UNIMARC">
                <unimarc:subfield code="a">
                </unimarc:subfield>
                <unimarc:subfield code="x">
                </unimarc:subfield>
                <unimarc:subfield code="y">
                </unimarc:subfield>
                <unimarc:subfield code="z">
                </unimarc:subfield>
            </unimarc:datafield>
            <unimarc:datafield tag="610" ind1="1" ind2=" " xmlns:unimarc="http://dp2003.com/UNIMARC">
                <unimarc:subfield code="a">
                </unimarc:subfield>
            </unimarc:datafield>
            <unimarc:datafield tag="690" ind1=" " ind2=" " xmlns:unimarc="http://dp2003.com/UNIMARC">
                <unimarc:subfield code="a">
                </unimarc:subfield>
                <unimarc:subfield code="v">4</unimarc:subfield>
            </unimarc:datafield>
            <unimarc:datafield tag="701" ind1="0" ind2=" " xmlns:unimarc="http://dp2003.com/UNIMARC">
                <unimarc:subfield code="a">
                </unimarc:subfield>
                <unimarc:subfield code="9">
                </unimarc:subfield>
                <unimarc:subfield code="4">
                </unimarc:subfield>
            </unimarc:datafield>
            <unimarc:datafield tag="801" ind1="0" ind2=" " xmlns:unimarc="http://dp2003.com/UNIMARC">
                <unimarc:subfield code="a">CN</unimarc:subfield>
                <unimarc:subfield code="b">
                </unimarc:subfield>
                <unimarc:subfield code="c">
                </unimarc:subfield>
            </unimarc:datafield>
            <unimarc:datafield tag="905" ind1=" " ind2=" " xmlns:unimarc="http://dp2003.com/UNIMARC">
                <unimarc:subfield code="a">
                </unimarc:subfield>
                <unimarc:subfield code="b">
                </unimarc:subfield>
                <unimarc:subfield code="d">
                </unimarc:subfield>
                <unimarc:subfield code="e">
                </unimarc:subfield>
            </unimarc:datafield>
        </record>
    </template>
</root>